<?xml version="1.0" encoding="utf-8"?>
<record xmlns="http://www.loc.gov/MARC21/slim" xmlns:xsi="http://www.w3.org/2001/XMLSchema-instance" xsi:schemaLocation="http://www.loc.gov/MARC21/slim http://www.loc.gov/standards/marcxml/schema/MARC21slim.xsd">
	<leader>     nam a22        4500</leader>
	<controlfield tag="001">3181512</controlfield>
	<controlfield tag="003">NNC</controlfield>
	<controlfield tag="006">m        d        </controlfield>
	<controlfield tag="007">cr cn |||m|||a</controlfield>
	<controlfield tag="008">150723m19281929sy      o     000 0 ara d</controlfield>
	<datafield ind1=" " ind2=" " tag="040">
		<subfield code="a">NNU</subfield>
		<subfield code="b">eng</subfield>
		<subfield code="e">rda</subfield>
		<subfield code="c">NNU</subfield>
	</datafield>
	<datafield ind1="1" ind2=" " tag="100">
		<subfield code="6">880-01</subfield>
		<subfield code="a">Subkī, Taqī al-Dīn ʻAlī ibn ʻAbd al-Kāfī,</subfield>
		<subfield code="d">1284-1355.</subfield>
	</datafield>
	<datafield ind1="1" ind2="3" tag="245">
		<subfield code="6">880-02</subfield>
		<subfield code="a">al-Durrah al-muḍīyah fī al-radd ʻalá Ibn Taymīyah /</subfield>
		<subfield code="c">li-Taqī al-Dīn ʻAlī Ibn ʻAbd al-Kāfī al-Subkī ; wa-yalīhā min muṣannafātih fī al-radd ʻalá Ibn Taymīyah ayḍan : 1-naqd al-ijtimāʻ wa-al-iftarāq fī masāʼil al-īmān wal-ṭallāq ; 2-al-naẓr al-muḥaqqaq fī al-ḥilf bi-al-ṭallāq al-muʻallaq ; 3-al-iʻtibār bi-biqāʼ al-jannah wa-al-nār.</subfield>
	</datafield>
	<datafield ind1=" " ind2=" " tag="260">
		<subfield code="6">880-03</subfield>
		<subfield code="a">Dimashq :</subfield>
		<subfield code="b">Maṭbaʻat al-Turqī,</subfield>
		<subfield code="c">1347 [1928 or 1929]</subfield>
	</datafield>
	<datafield ind1=" " ind2=" " tag="300">
		<subfield code="a">online resource (80 pages)</subfield>
	</datafield>
	<datafield ind1=" " ind2=" " tag="336">
		<subfield code="a">text</subfield>
		<subfield code="2">rdacontent</subfield>
	</datafield>
	<datafield ind1=" " ind2=" " tag="337">
		<subfield code="a">computer</subfield>
		<subfield code="2">rdamedia</subfield>
	</datafield>
	<datafield ind1=" " ind2=" " tag="338">
		<subfield code="a">online resource</subfield>
		<subfield code="2">rdacarrier</subfield>
	</datafield>
	<datafield ind1=" " ind2=" " tag="500">
		<subfield code="a">Part of the Arabic Collections Online (ACO) project, contributed by Columbia University Libraries.</subfield>
	</datafield>
	<datafield ind1=" " ind2=" " tag="533">
		<subfield code="a">Electronic reproduction.</subfield>
		<subfield code="b">New York, N.Y. :</subfield>
		<subfield code="c">New York University,</subfield>
		<subfield code="d">2015.</subfield>
		<subfield code="5">NNU</subfield>
	</datafield>
	<datafield ind1="1" ind2="0" tag="600">
		<subfield code="6">880-04</subfield>
		<subfield code="a">Ibn Taymīyah, Aḥmad ibn ʻAbd al-Ḥalīm,</subfield>
		<subfield code="d">1263-1328.</subfield>
	</datafield>
	<datafield ind1="1" ind2="7" tag="600">
		<subfield code="a">Ibn Taymīyah, Aḥmad ibn ʻAbd al-Ḥalīm,</subfield>
		<subfield code="d">1263-1328.</subfield>
		<subfield code="2">fast</subfield>
		<subfield code="0">(OCoLC)fst00039053</subfield>
	</datafield>
	<datafield ind1="2" ind2=" " tag="710">
		<subfield code="a">Columbia University.</subfield>
		<subfield code="b">Libraries.</subfield>
	</datafield>
	<datafield ind1="0" ind2=" " tag="730">
		<subfield code="a">Arabic Collections Online.</subfield>
	</datafield>
	<datafield ind1="0" ind2="8" tag="776">
		<subfield code="i">Online version:</subfield>
		<subfield code="a">Subkī, Taqī al-Dīn ʻAlī ibn ʻAbd al-Kāfī, 1284-1355.</subfield>
		<subfield code="t">Durrah al-muḍīyah fī al-radd ʻalá Ibn Taymīyah.</subfield>
		<subfield code="d">Dimashq : Maṭbaʻat al-Turqī, [1928/29]</subfield>
		<subfield code="w">(OCoLC)555532803</subfield>
	</datafield>
	<datafield ind1="0" ind2="8" tag="776">
		<subfield code="i">Print version:</subfield>
		<subfield code="a">Subkī, Taqī al-Dīn ʻAlī ibn ʻAbd al-Kāfī, 1284-1355.</subfield>
		<subfield code="t">al-Durrah al-muḍīyah fī al-radd ʻalá Ibn Taymīyah</subfield>
		<subfield code="w">(NNC)3181512</subfield>
		<subfield code="w">(OCoLC)68140900</subfield>
	</datafield>
	<datafield ind1="4" ind2="0" tag="856">
		<subfield code="u">http://hdl.handle.net/2333.1/2bvq85qq</subfield>
	</datafield>
	<datafield ind1="1" ind2=" " tag="880">
		<subfield code="6">100-01</subfield>
		<subfield code="a">سبكي، تقي الدين علي بن عبد الكافي،</subfield>
		<subfield code="d">12841355.</subfield>
	</datafield>
	<datafield ind1="1" ind2="2" tag="880">
		<subfield code="6">245-02</subfield>
		<subfield code="a">الدرة المضية في الرد على ابن تيمية /</subfield>
		<subfield code="c">لتقي الدين علي ابن عبد الكافي السبكي ؛ ويليها من مصنفاته في الرد على ابن تيمية ايضن : 1نقد الاجتماع والافتراق في مسائل الامان ولطلاق ؛ 2النظر المحقق في الحلف بالطلاق المعلق ؛ 3الاعتبار ببقاء الجنة والنار.</subfield>
	</datafield>
	<datafield ind1=" " ind2=" " tag="880">
		<subfield code="6">260-03</subfield>
		<subfield code="a">دمشق :</subfield>
		<subfield code="b">مطبعة الترقي، 1347 [1928 or 1929]</subfield>
	</datafield>
	<datafield ind1="1" ind2="4" tag="880">
		<subfield code="6">600-04</subfield>
		<subfield code="a">ابن تيمية، احمد بن عبد الحليم،</subfield>
		<subfield code="d">1263-1328.</subfield>
	</datafield>
	<datafield ind1=" " ind2=" " tag="959">
		<subfield code="a">NNU</subfield>
		<subfield code="b">WEB</subfield>
		<subfield code="c">GENI</subfield>
		<subfield code="t">0</subfield>
		<subfield code="m">Electronic access</subfield>
		<subfield code="s">01</subfield>
	</datafield>
	<datafield ind1=" " ind2=" " tag="999">
		<subfield code="i">NNC_3181512</subfield>
		<subfield code="o">(OCoLC)ocm68140900</subfield>
		<subfield code="s">columbia_aco000617</subfield>
		<subfield code="e">(ERROR-880)</subfield>
		<subfield code="s">columbia_aco000617</subfield>
	</datafield>
</record>
